@misc{capture-hpc,
Author = {Seifert, Christian and Steenson, Ramon},
Title = {Capture - Honeypot Client (Capture-HPC)},
Publisher = {Victoria University of Wellington, NZ},
Pages = {Available from https://projects.honeynet.org/capture-hpc;
   accessed on 9 December 2012},
Year = {2006}

}
@online{mac-watson,
    author =  {McAfee},
    title = {McAfee Reveals Emma Watson as 2012’s Most Dangerous Cyber Celebrity},
    month = {September},
    year = {2012},
    url = {http://www.mcafee.com/uk/about/news/2012/q3/20120910-01.aspx}
}
@online{honeynet,
    author =  {HoneyNet},
    title = {The HoneyNet Project},
    month = {October},
    year = {2012},
    url = {http://www.honeynet.org/}
}
@online{anti-queue,
    author =  {Baron Schwartz},
    title = {5 subtle ways you’re using MySQL as a queue, and why it’ll bite you},
    month = {September},
    year = {2011},
    url = {http://www.engineyard.com/blog/2011/5-subtle-ways-youre-using-mysql-as-a-queue-and-why-itll-bite-you/}
}
@article{jacobson1999unified,
    title={The Unified Software Development Process--The complete guide to the Unified Process from the original designers},
    author={Jacobson, I. and Booch, G. and Rumbaugh, J.},
    journal={Rational Software Corporation, US},
    year={1999}
}
