@manual{janet-policy,
    title = {JANET Roaming Policy},
    month = {August},
    year = 2011,
    institution = {JANET(UK)},
    url = {http://www.ja.net/documents/services/janet-roaming/policy.pdf},
}
@manual{janet-deploy,
    title = {JANET Roaming Service Campus Deployment Guide},
    author = {Mark O’Leary},
    year = 2006,
    institution = {JANET(UK)},
    url =  {http://www.ja.net/documents/services/janet-roaming/jrs-deployment-guide.pdf},
}
@manual{janet-tech,
    title = {JANET Roaming Service Technical Specification},
    author  = {Josh Howlett},
    year = 2009,
    institution = {JANET(UK)},
    url =  {http://www.ja.net/documents/services/janet-roaming/techspec.pdf},
}
@online{sown-matrix,
    author =  {SOWN},
    title = {SOWN RADIUS Peering Checker},
    year = {2011},
    url = {http://www.sown.org.uk/radmatrix}
}
@online{dbeacon,
    author = {Hugo Santosi and Sebastien Chaumontet and Hoerdt Mickaël},
    title = {JANET IPv4 Multicast Beacon},
    year = {2011},
    url = {http://www.beacon.ja.net/cgi/matrix.pl}
}
@manual{8021X,
    institution = {IEE},
    year = 2010,
    note = {{IEEE Std 802.1X™-2010}},
    title = {IEEE Standard for Local and metropolitan area networks - Port-Based Network Access Control},
    url = {http://standards.ieee.org/getieee802/download/802.1X-2010.pdf}
}
@inproceedings{cisco,
    author  = {J Barrier},
    title   = {{Introduction to IEEE 802.1X and Cisco® Identity-Based Networking Services (IBNS)}},
    publisher = {Cisco Systems Inc.},
    year    = 2008,
}
@inproceedings{janet-work,
    author  = {Josh Howlett},
    booktitle   = {Networkshop 34},
    title = {{IEEE 802.1X workshop}},
    publisher = {UKERNA},
    year    = 2006,
    url = {www.ja.net/documents/services/janet-roaming/Deploying802.1x.pdf}
}
@online{radtest,
    author = {Miquel van Smoorenburg},
    title = {radtest(1) - Linux man page},
    url = {http://linux.die.net/man/1/radtest}
}
@online{janet-impl-online,
    institution = {JANET(UK)},
    title = {Implementing eduroam - Roadmap},
    url = {{http://www.ja.net/services/authentication-and-authorisation/janet-roaming/implementing-jrs.html#JRS_support_org_site_realm}},
    urldate = {2012-02-18}
}
@online{he-looking,
    author = {Hurricane Electric},
    title = {Looking Glass}, 
    url = {http://lg.he.net/},
    urldate = {2012-02-18}
}
@online{nagios,
    institution = {Nagios Enterprises},
    title = {Nagios Homepage},
    url = {http://www.nagios.org/},
    urldate = {2012-04-20}
}
@online{aarnet-eduroam,
    institution = {AARNET},
    title = {Technical 'ease of use' weather map},
    url = {http://www.eduroam.edu.au/technical-weather-map.html},
    urldate = {2012-04-21}
}
@online{radsecproxy,
    url = {http://software.uninett.no/radsecproxy/},
    year = {2010},
    month = {May},
    urldate = {2012-04-21},
    inistitution = {UNINETT},
    author = {Kolbjorn Barmen}
}
@online{janet-use-online,
    institution = {JANET(UK)},
    title = {Using eduroam - for end users},
    url = {{http://www.ja.net/services/authentication-and-authorisation/janet-roaming/using-janet-roaming.html}},
    urldate = {2012-04-20}
}
@online{sown-home,
    url = {http://www.sown.org.uk/wiki/HomeNode},
    title = {SOWN(at)HOME Node},
    urldate = {2012-04-20},
    institution = {SOWN},
    year = {2009},
    month = {March},
    author = {David Newman}
}
@online{sown-top,
    url = {http://www.sown.org.uk/wiki/Topology},
    title = {SOWN Topology},
    author = {SOWN},
    urldate = {2012-04-20},
    year = {2009},
    month = {December}
}
@article{Fielding:2002:PDM:514183.514185,
    author = {Fielding, Roy T. and Taylor, Richard N.},
    title = {Principled design of the modern Web architecture},
    journal = {ACM Trans. Internet Technol.},
    issue_date = {May 2002},
    volume = {2},
    number = {2},
    month = may,
    year = {2002},
    issn = {1533-5399},
    pages = {115--150},
    numpages = {36},
    url = {http://doi.acm.org/10.1145/514183.514185},
    doi = {10.1145/514183.514185},
    acmid = {514185},
    publisher = {ACM},
    address = {New York, NY, USA},
    keywords = {Network-based applications, REST, World Wide Web},
} 
@online{icinga-fork,
    url = {https://www.icinga.org/faq/why-a-fork/},
    title = {Why a fork?},
    author = {Icinga},
    urldate = {2012-04-20}
}
@online{icinga-about,
    url = {https://www.icinga.rg/about/},
    title = {What is Icinga?},
    author = {Icinga},
    urldate = {2012-04-20}
}
@online{icinga-nsca,
    url = {http://docs.icinga.org/1.6/en/nsca.html},
    title = {Additional software},
    author = {Icinga},
    urldate = {2012-04-20}
}
@manual{ndo-docs,
    title = {NDOUtils Database Model},
    author  = {Ethan Galstad},
    year = 2007,
    institution = {Nagios},
    url =  {http://nagios.sourceforge.net/docs/ndoutils/NDOUtils_DB_Model.pdf},
}
@online{luaposix,
    url = {http://luaforge.net/projects/luaposix/},
    urldate = {2012-04-20},
    author = {Reuben Thomas}
}
@online{luafs,
    url = {http://keplerproject.github.com/luafilesystem/},
    urldate = {2012-04-20},
    author = {Roberto Ierusalimschy, André Carregal, Tomás Guisasola, and Fábio Mascarenhas}
}
@online{magnet,
    url = {http://jan.kneschke.de/projects/lua/},
    urldate = {2012-04-20},
    author = {Jan Kneschke},
}
@online{stackd,
    url = {http://stackoverflow.com/questions/6929451/system-requirement-for-an-embedded-python-web-server},
    urldate = {2012-04-20},
}
