@inproceedings{Malware-tech,
    title={A Survey of Malware Detection Techniques},
    author={Idika, N. and Mathur, A.P.},
	url = {http://www.serc.net/system/files/SERC-TR-286.pdf},
	Month = {2},
    year={2007}
}


@article{Macilious-web,
	Author = {Hou, Yung-Tsung and Chang, Yimeng and Chen, Tsuhan and Laih, Chi-Sung and Chen, Chia-Mei},
	Isbn = {0957-4174},
	Journal = {Expert Systems with Applications},
	Month = {1},
	Number = {1},
	Pages = {55--60},
	Title = {Malicious web content detection by machine learning},
	Url = {http://www.sciencedirect.com/science/article/pii/S095741740900445X},
	Volume = {37},
	Year = {2010}
}

@article{Machin-learn,
		Author = {Shabtai, Asaf and Moskovitch, Robert and Elovici, Yuval and Glezer, Chanan},
		Booktitle = {Malware},
		Isbn = {1363-4127},
		Journal = {Information Security Technical Report},
		Month = {2},
		Number = {1},
		Pages = {16--29},
		Title = {Detection of malicious code by applying machine learning classifiers on static features: A state-of-the-art survey},
		Url = {http://www.sciencedirect.com/science/article/pii/S1363412709000041},
		Volume = {14},
		Year = {2009},
}			

@inproceedings{IMDS,
  title = {IMDS: intelligent malware detection system},
  author = {Yanfang, Y. and Dingding, W. and Tao, L. and Dongyi, Y.},
  booktitle = {Proceedings of the 13th ACM SIGKDD international conference on Knowledge discovery and data mining},
  year={2007}
}

@article{maiorca2012pattern,
  title = {A pattern recognition system for malicious PDF files detection},
  author = {Maiorca, D. and Giacinto, G. and Corona, I.},
  journal = {Machine Learning and Data Mining in Pattern Recognition},
  pages = {510--524},
  year = {2012},
  publisher = {Springer}
}

@inproceedings{Amom,
  title = {Formal Description and Analysis of Malware Detection Algorithm AMOM},
  author = {Zeng, Y. and Liu, F. and Luo, X. and Yang, C.},
  booktitle = {Proceedings of the Second Symposium International Computer Science and Computational Technology(ISCSCT ’09)},
  pages = {139--142},
  year={2009}
}

@inproceedings{vinod2009survey,
  title={Survey on malware detection methods},
  author={Vinod, P. and Jaipur, R. and Laxmi, V. and Gaur, M.},
  booktitle={Proceedings of the 3rd Hackers’ Workshop on Computer and Internet Security (IITKHACK’09)},
  pages={74--79},
  year={2009}
}

@article{eshete2012binspect,
  title={BINSPECT: Holistic Analysis and Detection of Malicious Web Pages},
  author={Eshete, B. and Villafiorita, A. and Weldemariam, K.},
  year={2012}
}

@inproceedings{moore2011fashion,
  title={Fashion crimes: trending-term exploitation on the web},
  author={Moore, T. and Leontiadis, N. and Christin, N.},
  booktitle={Proceedings of the 18th ACM conference on Computer and communications security},
  pages={455--466},
  year={2011},
  organization={ACM}
}

@online{String-match,
  author = {Wikipedia.org},
  title = {Approximate string matching},
  url = {http://en.wikipedia.org/wiki/Approximate_string_matching},
  urldate = {14/11/2012}
}

@online{Sequence-mining,
  author = {Wikipedia.org},
  title = {Sequence mining},
  url = {http://en.wikipedia.org/wiki/Sequence_mining},
  urldate = {07/11/2012}
}

@online{Jargo-winkle,
  author = {Wikipedia.org},
  title = {Jaro–Winkler distance},
  url = {http://en.wikipedia.org/wiki/Jaro–Winkler_distance},
  urldate = {04/12/2012}
}

@online{Levenshtein,
  author = {Wikipedia.org},
  title = {Levenshtein distance},
  url = {http://en.wikipedia.org/wiki/Levenshtein_distance},
  urldate = {01/12/2012}
}
