@online{alexa-about,
  author = {Amazon.com},
  title = {About the Alexa Traffic Rankings},
  url = {http://www.alexa.com/help/traffic-learn-more},
  urldate = {07/12/2012}
}

@online{alexa-site-archive,
  author = {Amazon.com},
  title = {Top 1,000,000 Sites (Updated Daily)},
  year = {2012},
  url = {http://s3.amazonaws.com/alexa-static/top-1m.csv.zip},
  urldate = {07/12/2012}
}

@online{wot-api,
  author = {http://www.mywot.com/wiki/User:Sami},
  title = {Public Link JSON API},
  year = {2010},
  url = {http://www.mywot.com/wiki/API#public_link_json},
  urldate = {07/12/2012}
}

@online{wot-about,
  title = {About Web of Trust (WOT)},
  year = {2012},
  url = {http://www.mywot.com/en/aboutus},
  urldate = {07/12/2012}
}

@online{database-as-mq,
  author = {Mike Hadlow},
  title = {The Database As Queue Anti-Pattern},
  year = {2012},
  url = {http://mikehadlow.blogspot.se/2012/04/database-as-queue-anti-pattern.html},
  urldate = {10/12/2012}
}

@online{team-cymru,
  urldate = {13/12/2012},
  title = {About Us - Team Cymru},
  url = {https://www.team-cymru.org/About/},
}

@online{google-safe,
  title = {Safe Browsing},
  url = {https://developers.google.com/safe-browsing/},
  urldate = {13/12/2012},
}

@online{aws-spot,
  title = {Amazon EC2 Spot Instances},
  urldate = {13/12/2012},
  url = {https://aws.amazon.com/ec2/spot-instances/},
}

@online{rackspace,
  title = {The Rackspace Open Cloud},
  url = {http://www.rackspace.com/cloud/},
  urldate = {13/12/2012},
}

@online{redis,
  title = {Redis},
  url = {http://redis.io/},
  urldate = {13/12/2012},
}

@online{celery-batches,
  author = {Ask Solem Hoel, Thomas Grainger, Chris Adams},
  url = {http://docs.celeryproject.org/en/latest/reference/celery.contrib.batches.html},
  date = {2012},
  urldate = {13/12/2012},
}

@online{celery-batches-fix,
  author = {Thomas Grainger},
  title = {Use noop as default callback},
  url = {https://github.com/celery/celery/pull/1092},
  urldate = {13/12/2012},

}

@online{celery-batches-docfix,
  author = {Thomas Grainger},
  title = {Change example to show returning data},
  url = {https://github.com/celery/celery/pull/1093},
  urldate = {13/12/2012},
}