@techreport{deseo,
    title={deSEO: Combating search-result poisoning},
    author={John, J.P. and Yu, F. and Xie, Y. and Krishnamurthy, A. and Abadi, M.},
    publisher={Proc. USENIX Security},
    volume={11},
    year={2011},
}
@techreport{automalwarecollecting,
    title={A Study on the Automatic Malware Collecting System Based on the Searching Keyword},
    author={Kim, B. and Jeong, J. and Jeong, H.},
    publisher = {International Journal of Hybrid Information Technology},
    month = {January},
    year = {2012},
}
@online{honeypots,
    title={Honeypots: Definitions and Value of Honeypots},
    author={Spitzner, L.},
    url = {http://www.tracking-hackers.com/papers/honeypots.html},
    urldate = {13/12/2012},
}
@online{aboutwine,
    title={About Wine},
    author={WineHQ},
    url = {http://www.winehq.org/about/},
    urldate = {13/12/2012},
}
@online{wikiwine,
    title={Wine (software)},
    author={Wikipedia},
    url = {http://en.wikipedia.org/wiki/Wine_(software)},
    urldate = {13/12/2012},
}
@online{wineperformance,
    title={Debunking Wine Myths},
    author={Wine Wiki},
    url = {http://wiki.winehq.org/Debunking_Wine_Myths},
    urldate = {13/12/2012},
}
@online{shandowserver,
    title={Virus Yearly Stats},
    author={Shadowserver},
    url = {http://www.shadowserver.org/wiki/pmwiki.php/Stats/VirusYearlyStats},
    urldate = {13/12/2012},
}
@online{lxml,
    title={lxml.html},
    author={lxml},
    url = {http://lxml.de/lxmlhtml.html},
    urldate = {13/12/2012},
}
@online{eicar,
    title={EICAR Test Virus},
    author={Rex Swain},
    url = {http://www.rexswain.com/eicar.html},
    urldate = {13/12/2012},
}


